<?xml version="1.0" encoding="UTF-8"?><record xmlns="http://www.loc.gov/MARC21/slim" xmlns:cinclude="http://apache.org/cocoon/include/1.0" xmlns:zs="http://www.loc.gov/zing/srw/">
  <leader>00762cz  a2200157n  4500</leader>
  <controlfield tag="001">n  86125265 </controlfield>
  <controlfield tag="003">DLC</controlfield>
  <controlfield tag="005">20080507075714.0</controlfield>
  <controlfield tag="008">861024n| acannaabn          |a ana      </controlfield>
  <datafield tag="010" ind1=" " ind2=" ">
    <subfield code="a">n  86125265 </subfield>
  </datafield>
  <datafield tag="035" ind1=" " ind2=" ">
    <subfield code="a">(OCoLC)oca01745503</subfield>
  </datafield>
  <datafield tag="040" ind1=" " ind2=" ">
    <subfield code="a">DLC</subfield>
    <subfield code="b">eng</subfield>
    <subfield code="c">DLC</subfield>
    <subfield code="d">OCoLC</subfield>
  </datafield>
  <datafield tag="110" ind1="1" ind2=" ">
    <subfield code="a">Virginia.</subfield>
    <subfield code="b">General Assembly.</subfield>
    <subfield code="b">Joint Subcommittee Studying the Cost to Localities for Public Assistance Programs</subfield>
  </datafield>
  <datafield tag="410" ind1="1" ind2=" ">
    <subfield code="a">Virginia.</subfield>
    <subfield code="b">Joint Subcommittee Studying the Costs to Localities for Public Assistance Programs</subfield>
  </datafield>
  <datafield tag="410" ind1="1" ind2=" ">
    <subfield code="a">Virginia.</subfield>
    <subfield code="b">General Assembly.</subfield>
    <subfield code="b">House of Delegates.</subfield>
    <subfield code="b">Joint Subcommittee Studying the Costs to Localities for Public Assistance Programs</subfield>
  </datafield>
  <datafield tag="670" ind1=" " ind2=" ">
    <subfield code="a">Its Report of the Joint Subcommittee Studying the Costs to Localities for Public Assistance Programs, 1986.</subfield>
  </datafield>
</record>